

@book{leloudas2023,
    author    = {P. Leloudas},
    title     = {Introduction to Software Testing},
    year      = {2023},
    publisher = {Apress},
    address   = {Berkeley, CA},
}
@article{ML_SW_Testing,
  title={Role of Machine Learning in Software Testing},
  author={Vedpal and Naresh Chauhan},
  journal={2021 5th International Conference on Information Systems and Computer Networks (ISCON)},
  year={2021},
  pages={1-5},
  url={https://api.semanticscholar.org/CorpusID:246870267},
  doi={10.1109/ISCON52037.2021.9702427}
}

@article{shiwangi2014,
    author    = {S. Shiwangi and R. Gadgil and A. Chudgor},
    title     = {Automated testing of mobile applications using scripting technique: A study on Appium},
    journal   = {International Journal of Current Engineering and Technology (IJCET)},
    volume    = {4},
    number    = {5},
    pages     = {3627--3630},
    year      = {2014}
}

@INPROCEEDINGS{DL_HMI_SW_V,
  author={Qun Pang, Ashton Xue and Jansen Lin, Jiaxing and Ong, Chin Hee and Chen, Yongquan and Chong, Ga Xiang and Nuruljannah Baharudin, Siti and Teo, Yon Shin and Seng Loong Oh, Kevin},
  booktitle={2024 IEEE Conference on Artificial Intelligence (CAI)}, 
  title={Deep Learning Based Layout Recognition Approach for HMI Software Validation}, 
  year={2024},
  volume={},
  number={},
  pages={429-437},
  doi={10.1109/CAI59869.2024.00085}}

@article{oD_Review,
  author    = {Jaskirat Kaur and Williamjeet Singh},
  title     = {Tools, techniques, datasets and application areas for object detection in an image: a review},
  journal   = {Multimedia Tools and Applications},
  year      = {2022},
  volume    = {81},
  number    = {27},
  pages     = {38297--38351},
  doi       = {10.1007/s11042-022-13153-y},
  issn      = {1573-7721}
}

@online{AS_VS_LS_ART,
    author    = {{Qualitas Technologies}},
    title     = {Area Scan vs Line Scan Cameras: Which One Should You Choose?},
    year      = {2024},
    url       = {https://qualitastech.com/image-acquisition/area-scan-vs-line-scan-cameras/},
    note      = {Accessed: 2024-10-29}
}

@online{AS_VS_LS_PIC,
    author    = {{Lake Image Systems}},
    title     = {Glossary of Print Inspection Terms},
    year      = {2024},
    url       = {https://lakeimage.com/glossary-of-print-inspection-terms/},
    note      = {Accessed: 2024-10-29}
}

@article{RES_IMP,
  title={Impact of Image Resolution on Deep Learning Performance in Endoscopy Image Classification: An Experimental Study Using a Large Dataset of Endoscopic Images},
  author={Thambawita, Vajira and Str{\"u}mke, Inga and Hicks, Steven A and Halvorsen, P{\aa}l and Parasa, Sravanthi and Riegler, Michael A},
  journal={Diagnostics},
  volume={11},
  number={12},
  pages={2183},
  year={2021},
  publisher={MDPI},
  doi={10.3390/diagnostics11122183}
}

@inproceedings{RES_HDR_IMP,
  title={Optical monitoring of avalanche release zones in Bessans, Haute Maurienne Valley, France, with a remote and energy self-sufficient camera system},
  author={Barkat, Ishak and Lin-Kwong-Chon, Christophe and Duclos, Alain and Carrel, Maxence and Staehly, Severin and P{\'e}rillat, C{\'e}dric and Bourgeois, Ga{\"e}lle and Lescurier, Anne and Fiandino, Roger and Bhanot, Argheesh and Pourraz, Fr{\'e}d{\'e}ric},
  booktitle={Proceedings of the International Snow Science Workshop},
  pages={1041--1048},
  year={2024},
  address={Tromsø, Norway}
}

@ARTICLE{HDR,
  author={Mukherjee, Ratnajit and Bessa, Maximino and Melo-Pinto, Pedro and Chalmers, Alan},
  journal={IEEE Access}, 
  title={Object Detection Under Challenging Lighting Conditions Using High Dynamic Range Imagery}, 
  year={2021},
  volume={9},
  number={},
  pages={77771-77783},
  doi={10.1109/ACCESS.2021.3082293}}

@online{sunlight_lum,
    author    = {{LampHQ}},
    title     = {Illuminance vs Luminance: What’s the Difference?},
    year      = {2024},
    url       = {https://lamphq.com/illuminance-vs-luminance/},
    note      = {Accessed: 2024-11-12}}

@article{HDR_Self_Driving,
title = {Deep learning for object detection and scene perception in self-driving cars: Survey, challenges, and open issues},
journal = {Array},
volume = {10},
pages = {100057},
year = {2021},
issn = {2590-0056},
doi = {https://doi.org/10.1016/j.array.2021.100057},
url = {https://www.sciencedirect.com/science/article/pii/S2590005621000059},
author = {Abhishek Gupta and Alagan Anpalagan and Ling Guan and Ahmed Shaharyar Khwaja},
}

@article{Sensor_size,
    author    = {Zhenyi Liu and Trisha Lian and Joyce Farrell and Brian Wandell},
    title     = {Neural Network Generalization: The Impact of Camera Parameters},
    journal   = {arXiv preprint arXiv:1912.03604},
    year      = {2019},
    url       = {https://arxiv.org/abs/1912.03604},
    note      = {Accessed: 2024-11-12}
}

@online{Sen_size_chart,
  author = {Larmon, Alex},
  title = {Cell Phones Versus a Camera: Sensor Size Matters},
  year = {2024},
  url = {https://larmonu.larmonstudios.com/cell-phones-versus-a-camera-sensor-size-matters/},
  note = {Accessed: 2024-11-19}
}

@thesis{FPS,
  title={Optimizing Object Detection in Autonomous Vehicles Using Grayscale Computer Vision Models},
  author={Liu, Didrik and Moch, Alexandre},
  year={2024},
  school={KTH Royal Institute of Technology},
  type={Degree Project in Computer Science and Engineering, First Cycle},
  note={TRITA-EECS-EX-2024:342}
}

@online{HOG,
  author       = {Analytics Vidhya},
  title        = {Feature Engineering for Images – Introduction to HOG Feature Descriptor},
  year         = {2019},
  url          = {https://www.analyticsvidhya.com/blog/2019/09/feature-engineering-images-introduction-hog-feature-descriptor/},
  note         = {Accessed: 2024-12-16}
}

@article{OD_Survey,
author = {Hameed, Marwa and Khalaf, Zainab},
year = {2024},
month = {06},
pages = {16},
title = {A survey study in Object Detection: A Comprehensive Analysis of Traditional and State-of-the-Art Approaches},
volume = {50},
journal = {Basrah Researches Sciences},
doi = {10.56714/bjrs.50.1.5}
}

@online{DL_VS_ML,
  author    = {{Google Cloud}},
  title     = {What is Deep Learning?},
  year      = {2024},
  url       = {https://cloud.google.com/discover/what-is-deep-learning},
  note      = {Accessed: 2024-06-17}
}

@online{DNN_pic,
  author    = {{Lamarr Institute}},
  title     = {Deep Neural Networks},
  year      = {2024},
  url       = {https://lamarr-institute.org/blog/deep-neural-networks/},
  note      = {Accessed: 2024-06-17}
}

@online{YOLO,
  author       = {Rohit Kundu},
  title        = {YOLO: Algorithm for Object Detection Explained [+Examples]},
  year         = {2023},
  url = {https://www.v7labs.com/blog/yolo-object-detection},
  note         = {Accessed: 2025-01-13}
}
@online{ultralytics_yolo_history,
  author       = {Ultralytics},
  title        = {YOLO: A Brief History},
  year         = {2025},
  url = {https://docs.ultralytics.com/\#yolo-a-brief-history},
  note         = {Accessed: 2025-01-13}
}
@inproceedings{SSD,
  title={Ssd: Single shot multibox detector},
  author={Liu, Wei and Anguelov, Dragomir and Erhan, Dumitru and Szegedy, Christian and Reed, Scott and Fu, Cheng-Yang and Berg, Alexander C},
  booktitle={Computer Vision--ECCV 2016: 14th European Conference, Amsterdam, The Netherlands, October 11--14, 2016, Proceedings, Part I 14},
  pages={21--37},
  year={2016},
  organization={Springer}
}

@online{RatinaNet,
  author       = {{Papers with Code}},
  title        = {RetinaNet},
  year         = {2017},
  url = {https://paperswithcode.com/method/retinanet},
  note         = {Accessed: 2025-01-14}
}

@online{ibm_cnn,
  author       = {{IBM}},
  title        = {What are Convolutional Neural Networks?},
  url = {https://www.ibm.com/think/topics/convolutional-neural-networks},
  note         = {Accessed: 2025-02-10}
}

@online{IBM_Transfer_Learning,
  author    = {Jacob Murel and Eda Kavlakoglu},
  title     = {What is Transfer Learning?},
  date      = {2024-02-12},
  url       = {https://www.ibm.com/think/topics/transfer-learning},
  note   = {Accessed: 2025-02-18}
}



@InProceedings{LADet,
  title = 	 {LADet: A Light-weight and Adaptive Network for Multi-scale Object Detection},
  author =       {Zhou, Jiaming and Tian, Yuqiao and Li, Weicheng and Wang, Rui and Luan, Zhongzhi and Qian, Depei},
  booktitle = 	 {Proceedings of The Eleventh Asian Conference on Machine Learning},
  pages = 	 {912--923},
  year = 	 {2019},
  editor = 	 {Lee, Wee Sun and Suzuki, Taiji},
  volume = 	 {101},
  series = 	 {Proceedings of Machine Learning Research},
  month = 	 {11},
  publisher =    {PMLR},
  pdf = 	 {http://proceedings.mlr.press/v101/zhou19a/zhou19a.pdf},
  url = 	 {https://proceedings.mlr.press/v101/zhou19a.html},
}

@article{Full_CNN,
author = {Alsaleh, Ahmad and Perkgoz, Cahit},
year = {2023},
month = {05},
pages = {e1395},
title = {A space and time efficient convolutional neural network for age group estimation from facial images},
volume = {9},
journal = {PeerJ Computer Science},
doi = {10.7717/peerj-cs.1395}
}

@online{AIMultiple_Computer_Vision_Training_Data,
  author    = {Cem Dilmegani},
  title     = {7 Steps to Obtain Computer Vision Training Data in 2025},
  date      = {2025-02-10},
  url       = {https://research.aimultiple.com/computer-vision-training-data/},
  note      = {Accessed: 2025-02-18}
}


@online{Fam_Traditional_detectors,
  author    = {Gaudenz Boesch},
  title     = {Object Detection: The Definitive 2025 Guide},
  date      = {2024-10-04},
  url       = {https://viso.ai/deep-learning/object-detection/},
  note      = {Accessed: 2025-02-24}
}

@online{Fisher_CMOS_Types_2024,
  author    = {Jim Fisher},
  title     = {What's the Difference Between CMOS, BSI CMOS, and Stacked CMOS?},
  date      = {2024-01-18},
  url       = {https://uk.pcmag.com/cameras-1/141322/whats-the-difference-between-cmos-bsi-cmos-and-stacked-cmos},
  note      = {Accessed: 2025-02-26}
}



